<?xml version='1.0' encoding='UTF-8'?>
<record xmlns="http://www.loc.gov/MARC21/slim">
  <leader>01296cam a2200253 a 4500</leader>
  <controlfield tag="001">2089965</controlfield>
  <controlfield tag="003">NjP</controlfield>
  <controlfield tag="005">20170525123320.0</controlfield>
  <controlfield tag="008">981210s1980    ir            000 0 ara d</controlfield>
  <datafield tag="024" ind1="7" ind2=" ">
    <subfield code="a">princeton_aco003271</subfield>
    <subfield code="2">local</subfield>
  </datafield>
  <datafield ind1=" " ind2=" " tag="035">
    <subfield code="a">(OCoLC)40729503</subfield>
  </datafield>
  <datafield ind1=" " ind2=" " tag="035">
    <subfield code="a">(CStRLIN)NJPG98-B69302</subfield>
  </datafield>
  <datafield ind1=" " ind2=" " tag="035">
    <subfield code="9">CHW7251TS</subfield>
  </datafield>
  <datafield ind1=" " ind2=" " tag="040">
    <subfield code="a">NjP</subfield>
    <subfield code="c">NjP</subfield>
  </datafield>
  <datafield ind1="1" ind2=" " tag="100">
    <subfield code="a">Mashhadī, Muḥammad ibn al-Ḥasan,</subfield>
    <subfield code="d">1768 or 1769-1841 or 1842.</subfield>
    <subfield code="0">http://id.loc.gov/authorities/names/no98130275</subfield>
  </datafield>
  <datafield ind1="1" ind2="3" tag="245">
    <subfield code="a">al-Fawāʼid al-Riḍawīyah /</subfield>
    <subfield code="c">taʼlīf Muḥammad ibn al-Ḥasan al-Mashhadī.</subfield>
  </datafield>
  <datafield ind1=" " ind2=" " tag="260">
    <subfield code="a">Qum :</subfield>
    <subfield code="b">al-ʻIlmīyah,</subfield>
    <subfield code="c">1400 [1980]</subfield>
  </datafield>
  <datafield ind1=" " ind2=" " tag="300">
    <subfield code="a">8, 6, 136 p. ;</subfield>
    <subfield code="c">22 cm.</subfield>
  </datafield>
  <datafield ind1=" " ind2=" " tag="500">
    <subfield code="a">"Wa-Risālat al-mawāhib al-ʻalīyah fī tarjamat shāriḥ al-Risālat al-dhahabīyah min ... Shihāb al-Dīn al-Ḥusaynī al-Marʻashī al-Najafī."</subfield>
  </datafield>
  <datafield ind1="0" ind2="0" tag="600">
    <subfield code="a">ʻAlī al-Riḍā ibn Mūsá,</subfield>
    <subfield code="d">-818 or 819.</subfield>
    <subfield code="t">Risālah al-dhahabīyah.</subfield>
    <subfield code="0">http://id.loc.gov/authorities/names/n88242582</subfield>
  </datafield>
  <datafield ind1=" " ind2="0" tag="650">
    <subfield code="a">Medicine, Arab.</subfield>
    <subfield code="0">http://id.loc.gov/authorities/subjects/sh85083116</subfield>
  </datafield>
  <datafield ind1=" " ind2="0" tag="650">
    <subfield code="a">Health</subfield>
    <subfield code="x">Religious aspects</subfield>
    <subfield code="x">Islam.</subfield>
    <subfield code="0">http://id.loc.gov/authorities/subjects/sh85059523</subfield>
  </datafield>
  <datafield ind1=" " ind2=" " tag="998">
    <subfield code="a">12/10/98</subfield>
    <subfield code="s">9114</subfield>
    <subfield code="n">NjP</subfield>
    <subfield code="d">12/10/98</subfield>
    <subfield code="c">JEB</subfield>
    <subfield code="b">JEB</subfield>
    <subfield code="i">981210</subfield>
    <subfield code="l">NJPG</subfield>
  </datafield>
  <datafield ind1=" " ind2=" " tag="911">
    <subfield code="a">19990107</subfield>
  </datafield>
  <datafield ind1=" " ind2=" " tag="912">
    <subfield code="a">19981210000000.0</subfield>
  </datafield>
  <datafield ind1="0" ind2="0" tag="852">
    <subfield code="0">2373598</subfield>
    <subfield code="b">rcppa</subfield>
    <subfield code="t">1</subfield>
    <subfield code="h">BP193.18.A2</subfield>
    <subfield code="i">R57336 1980</subfield>
    <subfield code="x">tr fr nec</subfield>
  </datafield>
  <datafield ind1=" " ind2=" " tag="959">
    <subfield code="a">2000-06-13 00:00:00 -0400</subfield>
  </datafield>
</record>
